<record><leader>00000cas a22000007a 4500</leader><controlfield tag="001">13868428</controlfield><controlfield tag="008">860715c18799999txucr ne      0    0eng d</controlfield><datafield ind1=" " ind2=" " tag="010"><subfield code="a">sn 86099912 </subfield></datafield><datafield ind1=" " ind2=" " tag="040"><subfield code="a">PPM</subfield><subfield code="b">eng</subfield><subfield code="c">PPM</subfield><subfield code="d">IXA</subfield><subfield code="d">PPM</subfield><subfield code="d">DLC</subfield><subfield code="d">OCL</subfield><subfield code="d">OCLCQ</subfield><subfield code="d">OCLCF</subfield><subfield code="d">OCLCO</subfield></datafield><datafield ind1=" " ind2=" " tag="019"><subfield code="a">10885213</subfield></datafield><datafield ind1="1" ind2=" " tag="029"><subfield code="a">AU@</subfield><subfield code="b">000025801351</subfield></datafield><datafield ind1=" " ind2=" " tag="042"><subfield code="a">msc</subfield></datafield><datafield ind1=" " ind2=" " tag="043"><subfield code="a">n-us-tx</subfield></datafield><datafield ind1=" " ind2="4" tag="050"><subfield code="a">F394.A75</subfield><subfield code="b">C57x</subfield></datafield><datafield ind1=" " ind2=" " tag="092"><subfield code="a">917.64195</subfield><subfield code="b">C581</subfield></datafield><datafield ind1="0" ind2=" " tag="130"><subfield code="a">Citizens journal (Atlanta, Tex.)</subfield></datafield><datafield ind1="1" ind2="4" tag="245"><subfield code="a">The Citizens journal.</subfield></datafield><datafield ind1=" " ind2=" " tag="260"><subfield code="a">Atlanta, Tex. :</subfield><subfield code="b">J.M. Fletcher</subfield></datafield><datafield ind1=" " ind2=" " tag="300"><subfield code="a">v. :</subfield><subfield code="b">ill.</subfield></datafield><datafield ind1=" " ind2=" " tag="310"><subfield code="a">Semiweekly,</subfield><subfield code="b">&lt;1986&gt;</subfield></datafield><datafield ind1=" " ind2=" " tag="321"><subfield code="a">Weekly,</subfield><subfield code="b">&lt;1879-&gt;</subfield></datafield><datafield ind1="1" ind2=" " tag="362"><subfield code="a">Began in Mar. 1879.</subfield><subfield code="z">Cf. Golden Anniversary no. (1929).</subfield></datafield><datafield ind1=" " ind2=" " tag="500"><subfield code="a">Pub. in Linden, Tex., 1879-Dec. 1882.</subfield></datafield><datafield ind1=" " ind2=" " tag="588"><subfield code="a">Description based on: Vol. 26, no. 19 (July 21, 1904).</subfield></datafield><datafield ind1=" " ind2="0" tag="651"><subfield code="a">Atlanta (Tex.)</subfield><subfield code="v">Periodicals.</subfield></datafield><datafield ind1=" " ind2="7" tag="655"><subfield code="a">Periodicals.</subfield><subfield code="2">fast</subfield><subfield code="0">(OCoLC)fst01411641</subfield></datafield><datafield ind1=" " ind2="7" tag="651"><subfield code="a">Texas</subfield><subfield code="z">Atlanta.</subfield><subfield code="2">fast</subfield><subfield code="0">(OCoLC)fst01224056</subfield></datafield><datafield ind1=" " ind2=" " tag="752"><subfield code="a">United States</subfield><subfield code="b">Texas</subfield><subfield code="c">Cass</subfield><subfield code="d">Atlanta.</subfield></datafield><datafield ind1=" " ind2=" " tag="752"><subfield code="a">United States</subfield><subfield code="b">Texas</subfield><subfield code="c">Cass</subfield><subfield code="d">Linden.</subfield></datafield></record>